@book{ain2011best,
  title={What the Best College Teachers Do},
  author={Bain, Ken},
  year={2011},
  publisher={Harvard University Press},
  address={Cambridge, US},
  url={https://ebookcentral.proquest.com},
  urldate={2016-07-28}
}
@article{wiek2011key,
  title={Key competencies in sustainability: a reference framework for academic program development},
  author={Wiek, Arnim and Withycombe, Laura and Redman, Charles L},
  journal={Sustainability Science},
  volume={6},
  pages={203--218},
  year={2011},
  doi={10.1007/s11625-011-0132-6},
  url={https://doi.org/10.1007/s11625-011-0132-6}
}
@article{timperley2007power,
  author = "J. and H. Timperley",
  title = "The Power of Feedback",
  journal = "Review of Educational Research",
  volume = "77",
  number = "1",
  pages = "81-112",
  year = "2007",
  issn = "0034-6543",
  doi = "10.3102/003465430298487",
  url = "https://doi.org/10.3102/003465430298487"
}
